% This file was created with JabRef 2.5.
% Encoding: UTF-8
@article{sadiku2014cloud,
	title={Cloud computing: opportunities and challenges},
	author={Sadiku, Matthew NO and Musa, Sarhan M and Momoh, Omonowo D},
	journal={IEEE potentials},
	volume={33},
	number={1},
	pages={34--36},
	year={2014},
	publisher={IEEE}
}

@inproceedings{ribeiro2015mlaas,
	title={Mlaas: Machine learning as a service},
	author={Ribeiro, Mauro and Grolinger, Katarina and Capretz, Miriam AM},
	booktitle={2015 IEEE 14th international conference on machine learning and applications (ICMLA)},
	pages={896--902},
	year={2015},
	organization={IEEE}
}

@article{hunt2018chiron,
	title={Chiron: Privacy-preserving machine learning as a service},
	author={Hunt, Tyler and Song, Congzheng and Shokri, Reza and Shmatikov, Vitaly and Witchel, Emmett},
	journal={arXiv preprint arXiv:1803.05961},
	year={2018}
}

@article{ahmed2020k,
	title={The k-means algorithm: A comprehensive survey and performance evaluation},
	author={Ahmed, Mohiuddin and Seraj, Raihan and Islam, Syed Mohammed Shamsul},
	journal={Electronics},
	volume={9},
	number={8},
	pages={1295},
	year={2020},
	publisher={MDPI}
}

@book{cramer2015secure,
	title={Secure multiparty computation},
	author={Cramer, Ronald and Damg{\aa}rd, Ivan Bjerre and others},
	year={2015},
	publisher={Cambridge University Press}
}

@article{li2018privacy,
	title={Privacy-preserving outsourced classification in cloud computing},
	author={Li, Ping and Li, Jin and Huang, Zhengan and Gao, Chong-Zhi and Chen, Wen-Bin and Chen, Kai},
	journal={Cluster Computing},
	volume={21},
	pages={277--286},
	year={2018},
	publisher={Springer}
}

@article{kanungo2002efficient,
	title={An efficient k-means clustering algorithm: Analysis and implementation},
	author={Kanungo, Tapas and Mount, David M and Netanyahu, Nathan S and Piatko, Christine D and Silverman, Ruth and Wu, Angela Y},
	journal={IEEE transactions on pattern analysis and machine intelligence},
	volume={24},
	number={7},
	pages={881--892},
	year={2002},
	publisher={IEEE}
}

@inproceedings{el2020kd,
	title={KD-means: clustering method for massive data based on kd-tree},
	author={El Malki, Nabil and Ravat, Franck and Teste, Olivier},
	booktitle={22nd International Workshop On Design, Optimization, Languages and Analytical Processing of Big Data-DOLAP 2020-},
	volume={2572},
	year={2020},
	organization={CEUR-WS}
}
@comment{jabref-meta: selector_publisher:}

@comment{jabref-meta: selector_author:}

@comment{jabref-meta: selector_journal:}

@comment{jabref-meta: selector_keywords:}

